<marc:collection xmlns:marc="http://www.loc.gov/MARC21/slim" xmlns:xsi="http://www.w3.org/2001/XMLSchema-instance" xsi:schemaLocation="http://www.loc.gov/MARC21/slim http://www.loc.gov/standards/marcxml/schema/MARC21slim.xsd">
    <marc:record type="Bibliographic">
        <marc:leader>04816cem a2200721 a 4500</marc:leader>
        <marc:controlfield tag="001">7673790</marc:controlfield>
        <marc:controlfield tag="005">20140418144632.0</marc:controlfield>
        <marc:controlfield tag="007">aj canzn</marc:controlfield>
        <marc:controlfield tag="008">830614m18471852dcu       b     0   eng  </marc:controlfield>
        <marc:datafield tag="010" ind1=" " ind2=" ">
            <marc:subfield code="a">map67000483 </marc:subfield>
        </marc:datafield>
        <marc:datafield tag="035" ind1=" " ind2=" ">
            <marc:subfield code="a">(OCoLC)ocn668352066</marc:subfield>
        </marc:datafield>
        <marc:datafield tag="040" ind1=" " ind2=" ">
            <marc:subfield code="a">DLC</marc:subfield>
            <marc:subfield code="b">eng</marc:subfield>
            <marc:subfield code="c">DLC</marc:subfield>
            <marc:subfield code="d">OCLCQ</marc:subfield>
            <marc:subfield code="d">NjP</marc:subfield>
        </marc:datafield>
        <marc:datafield tag="034" ind1="0" ind2=" ">
            <marc:subfield code="a">a</marc:subfield>
        </marc:datafield>
        <marc:datafield tag="035" ind1=" " ind2=" ">
            <marc:subfield code="a">(OCoLC)668352066</marc:subfield>
        </marc:datafield>
        <marc:datafield tag="043" ind1=" " ind2=" ">
            <marc:subfield code="a">ln-----</marc:subfield>
        </marc:datafield>
        <marc:datafield tag="050" ind1="0" ind2="0">
            <marc:subfield code="a">G9111.P5 S000</marc:subfield>
            <marc:subfield code="b">.M3</marc:subfield>
        </marc:datafield>
        <marc:datafield tag="051" ind1=" " ind2=" ">
            <marc:subfield code="a">G9111.P5 s000</marc:subfield>
            <marc:subfield code="b">.M3</marc:subfield>
            <marc:subfield code="c">Sheets 1-3, 5, 7, 8 torn and repaired along fold line. Sheet no. 3 spotting,  liquid staining and discoloration throughout. Sheets 3 and 4 discoloration throughtout,  mounted on cloth backing. Sheet 8 minor losses along edges.</marc:subfield>
        </marc:datafield>
        <marc:datafield tag="052" ind1=" " ind2=" ">
            <marc:subfield code="a">9111</marc:subfield>
        </marc:datafield>
        <marc:datafield tag="100" ind1="1" ind2=" ">
            <marc:subfield code="a">Maury, Matthew Fontaine,</marc:subfield>
            <marc:subfield code="d">1806-1873.</marc:subfield>
        </marc:datafield>
        <marc:datafield tag="245" ind1="1" ind2="0">
            <marc:subfield code="a">Wind and current chart of the North Atlantic</marc:subfield>
            <marc:subfield code="h">[map] /</marc:subfield>
            <marc:subfield code="c">by M.F. Maury, A.M. Lieut. U.S. Navy, Superint'dt. of U.S.N. Observatory ; compiled from materials in the Bureau of Ordnance and Hydrography, Commodore Lewis Warrington, Chief of Bureau ; drawn by Lt. W.B. Whiting, U.S.N.</marc:subfield>
        </marc:datafield>
        <marc:datafield tag="246" ind1="1" ind2=" ">
            <marc:subfield code="i">Title on some sheets:</marc:subfield>
            <marc:subfield code="a">Maury's wind &amp; current chart</marc:subfield>
        </marc:datafield>
        <marc:datafield tag="246" ind1="3" ind2="0">
            <marc:subfield code="a">Maury's wind and current chart</marc:subfield>
        </marc:datafield>
        <marc:datafield tag="255" ind1=" " ind2=" ">
            <marc:subfield code="a">Scale not given.</marc:subfield>
        </marc:datafield>
        <marc:datafield tag="260" ind1=" " ind2=" ">
            <marc:subfield code="a">Washington, DC :</marc:subfield>
            <marc:subfield code="b">U.S. Hydrographical Office,</marc:subfield>
            <marc:subfield code="c">1847-1852.</marc:subfield>
        </marc:datafield>
        <marc:datafield tag="300" ind1=" " ind2=" ">
            <marc:subfield code="a">&lt;&gt; maps :</marc:subfield>
            <marc:subfield code="b">some col., mounted on cloth ;</marc:subfield>
            <marc:subfield code="c">94 x 65 cm. or smaller.</marc:subfield>
        </marc:datafield>
        <marc:datafield tag="490" ind1="0" ind2=" ">
            <marc:subfield code="a">[Maury map collection ;</marc:subfield>
            <marc:subfield code="v">ser. A1]</marc:subfield>
        </marc:datafield>
        <marc:datafield tag="500" ind1=" " ind2=" ">
            <marc:subfield code="a">Shows prevailing wind direction by month.</marc:subfield>
        </marc:datafield>
        <marc:datafield tag="500" ind1=" " ind2=" ">
            <marc:subfield code="a">Various eds. of some charts.</marc:subfield>
        </marc:datafield>
        <marc:datafield tag="500" ind1=" " ind2=" ">
            <marc:subfield code="a">Some sheets lack title and numberings.</marc:subfield>
        </marc:datafield>
        <marc:datafield tag="500" ind1=" " ind2=" ">
            <marc:subfield code="a">1st and 2nd editions lack series designations A, B, C, etc.</marc:subfield>
        </marc:datafield>
        <marc:datafield tag="500" ind1=" " ind2=" ">
            <marc:subfield code="a">"The winds are denoted by small brushes, the head of the brush pointing to the direction whence the wind blows, the length of the brush shewing the comparative force."</marc:subfield>
        </marc:datafield>
        <marc:datafield tag="500" ind1=" " ind2=" ">
            <marc:subfield code="a">"Eng. by Sherman &amp; Smith N.Y."--Lower right margin on some sheets.</marc:subfield>
        </marc:datafield>
        <marc:datafield tag="500" ind1=" " ind2=" ">
            <marc:subfield code="a">"Series A."</marc:subfield>
        </marc:datafield>
        <marc:datafield tag="500" ind1=" " ind2=" ">
            <marc:subfield code="a">Track chart, released as series A, a part of Maury's "Wind and current charts", series A-F. Covers the North Sea, the North Atlantic just west of the Hebrides, the Irish Sea, the English Channel, and the Bay of Biscay. The track charts were designed to illustrate the routes sailed by numerous Navy and merchant vessels. Directions of currents encountered and the force and direction of winds were included for each track. For complete discussion, see "The wind and current chart series produced by Matthew Fontaine Maury," by Marc I. Pinsel, in Navigation : Journal of the Institute of Navigation, v. 28, no. 2 (Summer, 1981), p. 123-137.</marc:subfield>
        </marc:datafield>
        <marc:datafield tag="500" ind1=" " ind2=" ">
            <marc:subfield code="a">Some sheets numbered individually in upper left margin, e.g.: 1, 2.</marc:subfield>
        </marc:datafield>
        <marc:datafield tag="500" ind1=" " ind2=" ">
            <marc:subfield code="a">On some sheets: Entered according to Act of Congress, in the year 1850, by M.F. Maury, in the Clerks office of the District Court of the southern district of New York.</marc:subfield>
        </marc:datafield>
        <marc:datafield tag="500" ind1=" " ind2=" ">
            <marc:subfield code="a">Historic Maps copy has paper labels with sheet numbers on versos.</marc:subfield>
            <marc:subfield code="5">NjP</marc:subfield>
        </marc:datafield>
        <marc:datafield tag="505" ind1="0" ind2=" ">
            <marc:subfield code="a">Sheet 1 (3rd ed. 1852) -- Sheet 2 (3rd ed. 1852) -- Sheet 3 (3rd ed. 1849) -- Sheet 4 (3rd ed. 1849) -- Sheet 5 ( 3rd ed. 1849) -- Sheet 6 (3rd ed. 1849) -- Sheet 7 (3rd ed. 1849) -- Sheet 8 (3rd ed. 1849).</marc:subfield>
        </marc:datafield>
        <marc:datafield tag="500" ind1=" " ind2=" ">
            <marc:subfield code="a">Includes notes and printed track lines for numerous voyages of many different vessels on some sheets.</marc:subfield>
        </marc:datafield>
        <marc:datafield tag="650" ind1=" " ind2="0">
            <marc:subfield code="a">Ocean currents</marc:subfield>
            <marc:subfield code="z">North Atlantic Ocean</marc:subfield>
            <marc:subfield code="v">Charts, diagrams, etc.</marc:subfield>
        </marc:datafield>
        <marc:datafield tag="650" ind1=" " ind2="0">
            <marc:subfield code="a">Oceanography</marc:subfield>
            <marc:subfield code="v">Charts, diagrams, etc.</marc:subfield>
        </marc:datafield>
        <marc:datafield tag="650" ind1=" " ind2="0">
            <marc:subfield code="a">Shipping</marc:subfield>
            <marc:subfield code="z">North Atlantic Ocean</marc:subfield>
            <marc:subfield code="v">Charts, diagrams, etc.</marc:subfield>
        </marc:datafield>
        <marc:datafield tag="650" ind1=" " ind2="0">
            <marc:subfield code="a">Trade routes</marc:subfield>
            <marc:subfield code="z">North Atlantic Ocean</marc:subfield>
            <marc:subfield code="v">Charts, diagrams, etc.</marc:subfield>
        </marc:datafield>
        <marc:datafield tag="650" ind1=" " ind2="0">
            <marc:subfield code="a">Winds</marc:subfield>
            <marc:subfield code="z">North Atlantic Ocean</marc:subfield>
            <marc:subfield code="v">Charts, diagrams, etc.</marc:subfield>
        </marc:datafield>
        <marc:datafield tag="651" ind1=" " ind2="0">
            <marc:subfield code="a">North Atlantic Ocean</marc:subfield>
            <marc:subfield code="v">Charts, diagrams, etc.</marc:subfield>
        </marc:datafield>
        <marc:datafield tag="655" ind1=" " ind2="7">
            <marc:subfield code="a">Maps</marc:subfield>
            <marc:subfield code="z">North Atlantic Ocean</marc:subfield>
            <marc:subfield code="y">1847.</marc:subfield>
            <marc:subfield code="2">aat</marc:subfield>
        </marc:datafield>
        <marc:datafield tag="655" ind1=" " ind2="7">
            <marc:subfield code="a">Nautical charts</marc:subfield>
            <marc:subfield code="z">North Atlantic Ocean</marc:subfield>
            <marc:subfield code="y">1847.</marc:subfield>
            <marc:subfield code="2">aat</marc:subfield>
        </marc:datafield>
        <marc:datafield tag="700" ind1="1" ind2=" ">
            <marc:subfield code="a">Maury, Matthew Fontaine,</marc:subfield>
            <marc:subfield code="d">1806-1873.</marc:subfield>
            <marc:subfield code="t">Wind and current charts.</marc:subfield>
        </marc:datafield>
        <marc:datafield tag="700" ind1="1" ind2=" ">
            <marc:subfield code="a">Warrington, L.</marc:subfield>
            <marc:subfield code="q">(Lewis),</marc:subfield>
            <marc:subfield code="d">1782-1851.</marc:subfield>
        </marc:datafield>
        <marc:datafield tag="710" ind1="2" ind2=" ">
            <marc:subfield code="a">United States.</marc:subfield>
            <marc:subfield code="b">Bureau of Ordnance and Hydrography.</marc:subfield>
        </marc:datafield>
        <marc:datafield tag="710" ind1="2" ind2=" ">
            <marc:subfield code="a">United States.</marc:subfield>
            <marc:subfield code="b">Hydrographic Office.</marc:subfield>
        </marc:datafield>
        <marc:datafield tag="710" ind1="2" ind2=" ">
            <marc:subfield code="a">United States Naval Observatory.</marc:subfield>
        </marc:datafield>
        <marc:datafield tag="710" ind1="2" ind2=" ">
            <marc:subfield code="a">Sherman &amp; Smith.</marc:subfield>
        </marc:datafield>
        <marc:datafield tag="856" ind1="4" ind2="1">
            <marc:subfield code="z">See the map (sheet 1)</marc:subfield>
            <marc:subfield code="u">http://gisserver.princeton.edu/map/28805</marc:subfield>
        </marc:datafield>
        <marc:datafield tag="856" ind1="4" ind2="1">
            <marc:subfield code="z">See the map (sheet 2)</marc:subfield>
            <marc:subfield code="u">http://gisserver.princeton.edu/map/28806</marc:subfield>
        </marc:datafield>
        <marc:datafield tag="856" ind1="4" ind2="1">
            <marc:subfield code="z">See the map (sheet 3)</marc:subfield>
            <marc:subfield code="u">http://gisserver.princeton.edu/map/28807</marc:subfield>
        </marc:datafield>
        <marc:datafield tag="856" ind1="4" ind2="1">
            <marc:subfield code="z">See the map (sheet 4)</marc:subfield>
            <marc:subfield code="u">http://gisserver.princeton.edu/map/28808</marc:subfield>
        </marc:datafield>
        <marc:datafield tag="856" ind1="4" ind2="1">
            <marc:subfield code="z">See the map (sheet 5)</marc:subfield>
            <marc:subfield code="u">http://gisserver.princeton.edu/map/28809</marc:subfield>
        </marc:datafield>
        <marc:datafield tag="856" ind1="4" ind2="1">
            <marc:subfield code="z">See the map (sheet 6)</marc:subfield>
            <marc:subfield code="u">http://gisserver.princeton.edu/map/28810</marc:subfield>
        </marc:datafield>
        <marc:datafield tag="856" ind1="4" ind2="1">
            <marc:subfield code="z">See the map (sheet 7)</marc:subfield>
            <marc:subfield code="u">http://gisserver.princeton.edu/map/28811</marc:subfield>
        </marc:datafield>
        <marc:datafield tag="856" ind1="4" ind2="1">
            <marc:subfield code="z">See the map (sheet 8)</marc:subfield>
            <marc:subfield code="u">http://gisserver.princeton.edu/map/28812</marc:subfield>
        </marc:datafield>
        <marc:datafield tag="904" ind1=" " ind2=" ">
            <marc:subfield code="a">gls</marc:subfield>
            <marc:subfield code="b">g</marc:subfield>
            <marc:subfield code="h">m</marc:subfield>
            <marc:subfield code="c">p</marc:subfield>
            <marc:subfield code="e">20130723</marc:subfield>
        </marc:datafield>
        <marc:datafield tag="902" ind1=" " ind2=" ">
            <marc:subfield code="a">gls</marc:subfield>
            <marc:subfield code="b">l</marc:subfield>
            <marc:subfield code="6">e</marc:subfield>
            <marc:subfield code="7">m</marc:subfield>
            <marc:subfield code="d">v</marc:subfield>
            <marc:subfield code="f">8</marc:subfield>
            <marc:subfield code="e">20130724</marc:subfield>
        </marc:datafield>
    </marc:record>
    <marc:record type="Holdings">
        <marc:leader>00172cx  a22000851  4500</marc:leader>
        <marc:controlfield tag="001">7479705</marc:controlfield>
        <marc:controlfield tag="004">7673790</marc:controlfield>
        <marc:controlfield tag="005">20130723140042.0</marc:controlfield>
        <marc:controlfield tag="008">1307234u    8   1001uu   0901128</marc:controlfield>
        <marc:datafield tag="852" ind1="0" ind2=" ">
            <marc:subfield code="b">map</marc:subfield>
            <marc:subfield code="h">HMC01.7015</marc:subfield>
        </marc:datafield>
    </marc:record>
    <marc:record type="Holdings">
        <marc:leader>00172nx  a22000851  4500</marc:leader>
        <marc:controlfield tag="001">7479714</marc:controlfield>
        <marc:controlfield tag="004">7673790</marc:controlfield>
        <marc:controlfield tag="005">20130723140101.0</marc:controlfield>
        <marc:controlfield tag="008">1307234u    8   1001uu   0901128</marc:controlfield>
        <marc:datafield tag="852" ind1="0" ind2=" ">
            <marc:subfield code="b">map</marc:subfield>
            <marc:subfield code="h">HMC01.7016</marc:subfield>
        </marc:datafield>
    </marc:record>
    <marc:record type="Holdings">
        <marc:leader>00172nx  a22000851  4500</marc:leader>
        <marc:controlfield tag="001">7479716</marc:controlfield>
        <marc:controlfield tag="004">7673790</marc:controlfield>
        <marc:controlfield tag="005">20130723140122.0</marc:controlfield>
        <marc:controlfield tag="008">1307234u    8   1001uu   0901128</marc:controlfield>
        <marc:datafield tag="852" ind1="0" ind2=" ">
            <marc:subfield code="b">map</marc:subfield>
            <marc:subfield code="h">HMC01.7017</marc:subfield>
        </marc:datafield>
    </marc:record>
    <marc:record type="Holdings">
        <marc:leader>00172nx  a22000851  4500</marc:leader>
        <marc:controlfield tag="001">7479718</marc:controlfield>
        <marc:controlfield tag="004">7673790</marc:controlfield>
        <marc:controlfield tag="005">20130723140149.0</marc:controlfield>
        <marc:controlfield tag="008">1307234u    8   1001uu   0901128</marc:controlfield>
        <marc:datafield tag="852" ind1="0" ind2=" ">
            <marc:subfield code="b">map</marc:subfield>
            <marc:subfield code="h">HMC01.7018</marc:subfield>
        </marc:datafield>
    </marc:record>
    <marc:record type="Holdings">
        <marc:leader>00172nx  a22000851  4500</marc:leader>
        <marc:controlfield tag="001">7479720</marc:controlfield>
        <marc:controlfield tag="004">7673790</marc:controlfield>
        <marc:controlfield tag="005">20130723140212.0</marc:controlfield>
        <marc:controlfield tag="008">1307234u    8   1001uu   0901128</marc:controlfield>
        <marc:datafield tag="852" ind1="0" ind2=" ">
            <marc:subfield code="b">map</marc:subfield>
            <marc:subfield code="h">HMC01.7019</marc:subfield>
        </marc:datafield>
    </marc:record>
    <marc:record type="Holdings">
        <marc:leader>00172cx  a22000851  4500</marc:leader>
        <marc:controlfield tag="001">7479723</marc:controlfield>
        <marc:controlfield tag="004">7673790</marc:controlfield>
        <marc:controlfield tag="005">20130723142326.0</marc:controlfield>
        <marc:controlfield tag="008">1307234u    8   1001uu   0901128</marc:controlfield>
        <marc:datafield tag="852" ind1="0" ind2=" ">
            <marc:subfield code="b">map</marc:subfield>
            <marc:subfield code="h">HMC01.7020</marc:subfield>
        </marc:datafield>
    </marc:record>
    <marc:record type="Holdings">
        <marc:leader>00172cx  a22000851  4500</marc:leader>
        <marc:controlfield tag="001">7479725</marc:controlfield>
        <marc:controlfield tag="004">7673790</marc:controlfield>
        <marc:controlfield tag="005">20130723142354.0</marc:controlfield>
        <marc:controlfield tag="008">1307234u    8   1001uu   0901128</marc:controlfield>
        <marc:datafield tag="852" ind1="0" ind2=" ">
            <marc:subfield code="b">map</marc:subfield>
            <marc:subfield code="h">HMC01.7021</marc:subfield>
        </marc:datafield>
    </marc:record>
    <marc:record type="Holdings">
        <marc:leader>00172nx  a22000851  4500</marc:leader>
        <marc:controlfield tag="001">7479805</marc:controlfield>
        <marc:controlfield tag="004">7673790</marc:controlfield>
        <marc:controlfield tag="005">20130723142409.0</marc:controlfield>
        <marc:controlfield tag="008">1307234u    8   1001uu   0901128</marc:controlfield>
        <marc:datafield tag="852" ind1="0" ind2=" ">
            <marc:subfield code="b">map</marc:subfield>
            <marc:subfield code="h">HMC01.7022</marc:subfield>
        </marc:datafield>
    </marc:record>
</marc:collection>
